@book{alpaydin,
  title={Introduction to machine learning},
  author={Alpaydin, Ethem},
  year={2004},
  publisher={MIT press}
}

@unpublished{deep-learning-book,
  title={Deep Learning},
  author={Ian Goodfellow and Yoshua Bengio and Aaron Courville},
  note={Book in preparation for MIT Press},
  url={http://www.deeplearningbook.org},
  year={2016}
}

@misc{sklearn,
  title={Scikit-learn: Machine Learning in Python},
  urldate={2016-11-19},
  year=2016,
  url={http://scikit-learn.org/stable/}
}

@misc{deeplearning4j-docs,
  title={Using neural networks for regression},
  urldate={2016-11-19},
  year=2016,
  url={https://deeplearning4j.org/linear-regression}
}

@article{theano,
  author = {{Theano Development Team}},
  title = "{Theano: A {Python} framework for fast computation of mathematical expressions}",
  journal = {arXiv e-prints},
  volume = {abs/1605.02688},
  primaryClass = "cs.SC",
  keywords = {Computer Science - Symbolic Computation, Computer Science - Learning, Computer Science - Mathematical Software},
  year = 2016,
  month = may,
  url = {http://arxiv.org/abs/1605.02688},
}


